<?xml version="1.0" encoding="UTF-8"?><record xmlns="http://www.loc.gov/MARC21/slim" xmlns:cinclude="http://apache.org/cocoon/include/1.0" xmlns:zs="http://www.loc.gov/zing/srw/">
  <leader>00441nz  a2200133n  4500</leader>
  <controlfield tag="001">no 95012297 </controlfield>
  <controlfield tag="003">DLC</controlfield>
  <controlfield tag="005">19950316062925.4</controlfield>
  <controlfield tag="008">950315n| acannaab|          |n ana     c</controlfield>
  <datafield tag="010" ind1=" " ind2=" ">
    <subfield code="a">no 95012297 </subfield>
  </datafield>
  <datafield tag="035" ind1=" " ind2=" ">
    <subfield code="a">(OCoLC)oca03793632 </subfield>
  </datafield>
  <datafield tag="040" ind1=" " ind2=" ">
    <subfield code="a">ICRL</subfield>
    <subfield code="c">ICRL</subfield>
  </datafield>
  <datafield tag="110" ind1="2" ind2="0">
    <subfield code="a">Federal Union of Agricultural and General Labourers (England)</subfield>
  </datafield>
  <datafield tag="670" ind1=" " ind2=" ">
    <subfield code="a">The labourers' herald, Nov. 27, 1874:</subfield>
    <subfield code="b">caption t.p. (Federal Union of Agricultural and General Labourers)</subfield>
  </datafield>
</record>